<?xml version="1.0" encoding="UTF-8"?><record xmlns="http://www.loc.gov/MARC21/slim" xmlns:cinclude="http://apache.org/cocoon/include/1.0" xmlns:zs="http://www.loc.gov/zing/srw/">
  <leader>00614cz  a2200145n  4500</leader>
  <controlfield tag="001">n  85824488 </controlfield>
  <controlfield tag="003">DLC</controlfield>
  <controlfield tag="005">20060612234953.0</controlfield>
  <controlfield tag="008">851113n| acannaab           |n aaa      </controlfield>
  <datafield tag="010" ind1=" " ind2=" ">
    <subfield code="a">n  85824488 </subfield>
  </datafield>
  <datafield tag="040" ind1=" " ind2=" ">
    <subfield code="a">DLC</subfield>
    <subfield code="c">DLC</subfield>
    <subfield code="d">DLC</subfield>
  </datafield>
  <datafield tag="100" ind1="1" ind2=" ">
    <subfield code="a">Rioux, Marcia H.</subfield>
  </datafield>
  <datafield tag="670" ind1=" " ind2=" ">
    <subfield code="a">nuc85-71366: Her Study paper on divorce, 1976</subfield>
    <subfield code="b">(hdg. on CaQMM rept.: Rioux, Marcia H.; usage: Marcia H. Rioux)</subfield>
  </datafield>
  <datafield tag="670" ind1=" " ind2=" ">
    <subfield code="a">The contradiction of kindness--the clarity of justice, c1993:</subfield>
    <subfield code="b">t.p. (Marcia H. Rioux, PhD, dir., L'Institut Roeher Institute) cover (Marcia Rioux)</subfield>
  </datafield>
  <datafield tag="670" ind1=" " ind2=" ">
    <subfield code="a">NLC 03-15-95</subfield>
    <subfield code="b">(Rioux, Marcia H.; full name: Rioux, Marcia Hampton)</subfield>
  </datafield>
</record>